
@inproceedings{kamil2011asp,
  title={Bringing parallel performance to python with domain-specific selective embedded just-in-time specialization},
  author={Kamil, Shoaib and Coetzee, Derrick and Fox, Armando},
  booktitle={Python for Scientific Computing Conference (SciPy)},
  year={2011}
}

@article{pbirsinger2013,
  title={Scalable Bootstrapping For Python},
  author={Birsinger, Peter and Xia, Richard and Fox, Armando},
  journal={ACM International Conference on Information and Knowledge Management},
  year={2013}
}

@article{catanzaro2009sejits,
  title={SEJITS: Getting productivity and performance with selective embedded JIT specialization},
  author={Catanzaro, Bryan and Kamil, Shoaib and Lee, Yunsup and Asanovic, Krste and Demmel, James and Keutzer, Kurt and Shalf, John and Yelick, Kathy and Fox, Armando},
  journal={Programming Models for Emerging Architectures},
  year={2009}
}

@article{kleiner2012big,
  title={The big data bootstrap},
  author={Kleiner, Ariel and Talwalkar, Ameet and Sarkar, Purnamrita and Jordan, Michael},
  journal={arXiv preprint arXiv:1206.6415},
  year={2012}
}

@article{kleiner2011scalable,
  title={A scalable bootstrap for massive data},
  author={Kleiner, Ariel and Talwalkar, Ameet and Sarkar, Purnamrita and Jordan, Michael I},
  journal={arXiv preprint arXiv:1112.5016},
  year={2011}
}

@incollection{klimt2004enron,
  title={The enron corpus: A new dataset for email classification research},
  author={Klimt, Bryan and Yang, Yiming},
  booktitle={Machine Learning: ECML 2004},
  pages={217--226},
  year={2004},
  publisher={Springer}
}

@inproceedings{zaharia2010spark,
  title={Spark: cluster computing with working sets},
  author={Zaharia, Matei and Chowdhury, Mosharaf and Franklin, Michael J and Shenker, Scott and Stoica, Ion},
  booktitle={Proceedings of the 2nd USENIX conference on Hot topics in cloud computing},
  pages={10--10},
  year={2010}
}

@inproceedings{cook2011cuda,
  title={Cuda-level performance with python-level productivity for gaussian mixture model applications},
  author={Cook, H and Gonina, E and Kamil, S and Friedland, G and Patterson, D and Fox, A},
  booktitle={USENIX Workshop on Hot Topics in Parallelism (HotPar)},
  year={2011}
}

@Misc{ZahariaPython,
author = {Zaharia, Matei},
title = {Spark Overview},
howpublished = {\url {http://spark-project.org/docs/latest/index.html}}
}

@Misc{HadoopR,
title = {Apache Hadoop},
howpublished = {\url {http://hadoop.apache.org/}}
}

@Misc{kryo,
title = {Kryo},
howpublished ={\url {https://code.google.com/p/kryo/}}
}

@Misc{kryo-is-fast,
title = {Kryo Benchmarks},
howpublished = {\url {https://code.google.com/p/kryo/wiki/V1Benchmarks}}
}


@Misc{ec2,
title = {Amazon Elastic Compute Cloud (Amazon EC2)},
howpublished ={\url {http://aws.amazon.com/ec2/}}
}

@Misc{svm,
title = {Multi-Class Support Vector Machine},
howpublished = {\url {http://svmlight.joachims.org/svm_multiclass.html}}
}

@inproceedings{prasad12,
author = {Prasad, Aakash  and Howard, David and  Kamil, Shoaib and Fox,Armando},
title = {Parallel High Performance Bootstrapping in Python},
booktitle = {Proc. Eleventh Annual Scientific Computing with Python},
year = {2012}
}

@Misc{ngrams,
title = {Google N-Gram Dataset},
howpublished={\url {http://storage.googleapis.com/books/ngrams/books/datasetsv2.html}}
}


@Misc{avro,
title = {Apache Avro Data Serialization},
howpublished={\url {http://avro.apache.org/}}
}



@Misc{spark-tuning,
title = {Spark Tuning Guide},
howpublished={\url {http://spark-project.org/docs/latest/tuning.html}}
}

@Misc{scala-while-issue,
title = {Scala Optimize Simple For Loops Compiler Issue},
howpublished={\url {https://issues.scala-lang.org/browse/SI-1338}}
}

@Misc{performant-scala,
title = {3 Tips for Writing Performant Scala},
howpublished={\url {http://www.sumologic.com/blog/technology/3-tips-for-writing-performant-scala}}
}


@Misc{asp-specializers,
title = {ASP Specializers},
howpublished={\url {https://github.com/shoaibkamil/asp/wiki/Specializers}}
}


@phdthesis{Kamil:EECS-2013-1,
   Author = {Kamil, Shoaib Ashraf},
   Title = {Productive High Performance Parallel Programming with Auto-tuned Domain-Specific Embedded Languages},
   School = {EECS Department, University of California, Berkeley},
   Year = {2013},
   Month = {Jan}
}